
@INPROCEEDINGS{Daems_01,
  AUTHOR =       {Daems, W. and Gielen, G. and Sansen, W.},
  TITLE =        {Simulation-based automatic generation of signomial and posynomial performance models for analog integrated circuit sizing},
  BOOKTITLE =    {Proceedings of the IEEE/ACM International Conference on Computer Aided Design (ICCAD-2001)},
  YEAR =         {2001},
  pages =        {70--74},
  month =        {November}
}

@INPROCEEDINGS{Daems_DAC_02,
  AUTHOR =       {Daems, W. and Gielen, G. and Sansen, W.},
  TITLE =        {An efficient optimization-based technique to generate posynomial performance models for analog integrated circuits},
  BOOKTITLE =    {Proceedings of the 39th Design Automation Conference},
  YEAR =         {2002},
  pages =        {431--436},
  month =        {June}
}

@INPROCEEDINGS{Daems_DATE_02,
  AUTHOR =       {Daems, W. and Gielen, G. and Sansen, W.},
  TITLE =        {A fitting approach to generate symbolic expressions for linear and nonlinear analog circuit performance characteristics},
  BOOKTITLE =    {Proceedings of Design, Automation and Test in Europe Conference and Exhibition},
  YEAR =         {2002},
  pages =        {268--273},
  month =        {March}
}

@ARTICLE{Daems_03,
  AUTHOR =       {Daems, W. and Gielen, G. and Sansen, W.},
  TITLE =        {Simulation-based generation of posynomial performance models for the sizing of analog integrated circuits},
  JOURNAL =      {IEEE Transactions on Computer-Aided Design of Integrated Circuits and Systems},
  YEAR =         {2003},
  volume =       {22},
  number =       {5},
  pages =        {517--534},
  month =        {May}
}

@INPROCEEDINGS{Roy_05,
  AUTHOR =       {Sanghamitra Roy and Weijen Chen and Charlie Chung-Ping Chen},
  TITLE =        {{ConvexFit}: an optimal minimum-error convex fitting and smoothing algorithm with application to gate-sizing},
  BOOKTITLE =    {Proceedings of the IEEE/ACM International Conference on Computer-Aided Design (ICCAD-2005)},
  YEAR =         {2005},
  pages =        {196--203},
  month =        {November}
}

@INPROCEEDINGS{Roy_06,
  AUTHOR =       {Roy, S. and Chen, C.C.-P.},
  TITLE =        {{ConvexSmooth}: a simultaneous convex fitting and smoothing algorithm for convex optimization problems},
  BOOKTITLE =    {Proceedings of the 7th International Symposium on Quality Electronic Design (ISQED'06) },
  YEAR =         {2006},
  pages =        {6},
  month =        {March}
}

@INPROCEEDINGS{Kiely_04,
  AUTHOR =       {Kiely, T. and Gielen, G.},
  TITLE =        {Performance modeling of analog integrated circuits using least-squares support vector machines},
  BOOKTITLE =    {Proceedings of Design, Automation and Test in Europe Conference and Exhibition (DATE-2004)},
  volume =       {1},
  YEAR =         {2004},
  pages =        {448--453},
  month =        {Febuary}
}

@INPROCEEDINGS{Trac_05,
  AUTHOR =       {Magnani, A. and Lall, S. and Boyd, S.},
  TITLE =        {Tractable fitting with convex polynomials via sum-of-squares},
  BOOKTITLE =    {Proceedings of the 44th IEEE Conference on Decision and Control - European Control Conference (CDC-ECC'05). },
  YEAR =         {2005},
  pages =        {1672 - 1677},
  month =        {December}
}

@InProceedings{SmartSmooth_07,
  author = 	 {Roy, S. and Chen, C.C.-P.},
  title = 	 {{SmartSmooth}: A linear time convexity preserving smoothing algorithm for numerically convex data with application to {VLSI} design},
  booktitle =	 {Proceedings of the 12th Asia and South Pacific Design Automation Conference},
  year =	 2007,
  note =	 {To appear}
}

@INPROCEEDINGS{Piecewise_06,
  AUTHOR =       {A. Magnani and S. Boyd },
  TITLE =        {Convex Piecewise-Linear Fitting},
  BOOKTITLE =    {Optimization and Engineering},
  YEAR =         {2006},
  pages =        {},
  month =        {April}
}

@INPROCEEDINGS{LiXin_04,
  AUTHOR =       {Xin Li and Gopalakrishnan, P. and Yang Xu and Pileggi, T.},
  TITLE =        {Robust analog/{RF} circuit design with projection-based posynomial modeling},
  BOOKTITLE =    {Proceedings of the IEEE/ACM International Conference on Computer Aided Design (ICCAD-2004)},
  YEAR =         {2004},
  pages =        {855--862},
  month =        {November}
}


