
@INPROCEEDINGS{Daems_01,
  AUTHOR =       {Walter Daems and Georges Gielen and Willy Sansen},
  TITLE =        {Simulation-based automatic generation of signomial and posynomial performance models for analog integrated circuit sizing},
  BOOKTITLE =    {Proceedings of the IEEE/ACM International Conference on Computer Aided Design (ICCAD-2001)},
  YEAR =         {2001},
  pages =        {70--74},
  month =        {November}
}

@INPROCEEDINGS{Daems_DAC_02,
  AUTHOR =       {Walter Daems and Georges Gielen and Willy Sansen},
  TITLE =        {An efficient optimization-based technique to generate posynomial performance models for analog integrated circuits},
  BOOKTITLE =    {Proceedings of the 39th Design Automation Conference},
  YEAR =         {2002},
  pages =        {431--436},
  month =        {June}
}

@INPROCEEDINGS{Daems_DATE_02,
  AUTHOR =       {Walter Daems and Georges Gielen and Willy Sansen},
  TITLE =        {A fitting approach to generate symbolic expressions for linear and nonlinear analog circuit performance characteristics},
  BOOKTITLE =    {Proceedings of Design, Automation and Test in Europe Conference and Exhibition},
  YEAR =         {2002},
  pages =        {268--273},
  month =        {March}
}

@ARTICLE{Daems_03,
  AUTHOR =       {Walter Daems and Georges Gielen and Willy Sansen},
  TITLE =        {Simulation-based generation of posynomial performance models for the sizing of analog integrated circuits},
  JOURNAL =      {IEEE Transactions on Computer-Aided Design of Integrated Circuits and Systems},
  YEAR =         {2003},
  volume =       {22},
  number =       {5},
  pages =        {517--534},
  month =        {May}
}

@INPROCEEDINGS{Roy_05,
  AUTHOR =       {Sanghamitra Roy and Weijen Chen and Charlie Chung-Ping Chen},
  TITLE =        {{ConvexFit}: an optimal minimum-error convex fitting and smoothing algorithm with application to gate-sizing},
  BOOKTITLE =    {Proceedings of the IEEE/ACM International Conference on Computer-Aided Design (ICCAD-2005)},
  YEAR =         {2005},
  pages =        {196--203},
  month =        {November}
}

@INPROCEEDINGS{Roy_06,
  AUTHOR =       {Sanghamitra Roy and Charlie Chung-Ping Chen},
  TITLE =        {{ConvexSmooth}: a simultaneous convex fitting and smoothing algorithm for convex optimization problems},
  BOOKTITLE =    {Proceedings of the 7th International Symposium on Quality Electronic Design (ISQED'06) },
  YEAR =         {2006},
  pages =        {6},
  month =        {March}
}

@INPROCEEDINGS{Kiely_04,
  AUTHOR =       {Tholom Kiely and Georges Gielen},
  TITLE =        {Performance modeling of analog integrated circuits using least-squares support vector machines},
  BOOKTITLE =    {Proceedings of Design, Automation and Test in Europe Conference and Exhibition (DATE-2004)},
  volume =       {1},
  YEAR =         {2004},
  pages =        {448--453},
  month =        {Febuary}
}

@INPROCEEDINGS{Trac_05,
  AUTHOR =       {Alessandro Magnani and Sanjay Lall and Stephen Boyd},
  TITLE =        {Tractable fitting with convex polynomials via sum-of-squares},
  BOOKTITLE =    {Proceedings of the 44th IEEE Conference on Decision and Control - European Control Conference (CDC-ECC'05). },
  YEAR =         {2005},
  pages =        {1672 - 1677},
  month =        {December}
}

@InProceedings{SmartSmooth_07,
  author = 	 {Sanghamitra Roy and Charlie Chung-Ping Chen},
  title = 	 {{SmartSmooth}: A linear time convexity preserving smoothing algorithm for numerically convex data with application to {VLSI} design},
  booktitle =	 {Proceedings of the 12th Asia and South Pacific Design Automation Conference (ASP-DAC'07)},
  year =	 2007,
  pages =	 {559--564},
  month =        {January}
}

@INPROCEEDINGS{Piecewise_06,
  AUTHOR =       {Alessandro Magnani and Stephen Boyd},
  TITLE =        {Convex Piecewise-Linear Fitting},
  BOOKTITLE =    {Optimization and Engineering},
  YEAR =         {2006},
  pages =        {},
  month =        {April}
}

@INPROCEEDINGS{LiXin_04,
  AUTHOR =       {Xin Li and Padmini Gopalakrishnan and Yang Xu and Lawrence T. Pileggi},
  TITLE =        {Robust analog/{RF} circuit design with projection-based posynomial modeling},
  BOOKTITLE =    {Proceedings of the IEEE/ACM International Conference on Computer Aided Design (ICCAD-2004)},
  YEAR =         {2004},
  pages =        {855--862},
  month =        {November}
}


@Book{Farin88,
  author =	 {Gerald Farin},
  title = 	 {Curves and Surfaces for Computer aided Geometric Design: A Practical Guide},
  publisher = 	 {Academic Press},
  year = 	 1988
}

@InProceedings{Wolberg99,
  author = 	 {George Wolberg and Itzik Alfy},
  title = 	 {Monotonic Cubic Spline Interpolation},
  booktitle =	 {Proceedings of Computer Graphics International},
  pages =	 {188--195},
  year =	 1999,
  month =	 {June}
}

@Book{PGS,
  author =	 {Carl de~Boor},
  title = 	 {A Practical Guide to Splines},
  publisher = 	 {Springer-Verlag},
  year = 	 2001,
  address =	 {New York},
  edition =	 {Revised}
}

@InProceedings{Gielen05,
  author = 	 {Trent McConaghy and Georges Gielen},
  title = 	 {Analysis of Simulation-Driven Numerical Performance Modeling Techniques 
                  for Application to Analog Circuit Optimization},
  booktitle =	 {IEEE International Symposium on Circuits and Systems (ISCAS-2005)},
  pages =	 {1298--1301},
  year =	 2005,
  volume =	 2,
  month =	 {May}
}

@InProceedings{Nain03,
  author = 	 {Pawan K. S. Nain and Kalyanmoy Deb},
  title = 	 {Computationally Effective Search and Optimization Procedure
                  Using Coarse to Fine Approximations},
  booktitle =	 {The 2003 Congress on Evolutionary Computation (CEC'03)},
  pages =	 {2081--2088},
  year =	 2003,
  volume =	 3,
  month =	 {December}
}

@Article{Kishore,
  author = 	 {James A. Barby and Jiri Vlach and Kishore Singhal},
  title = 	 {Polynomial Splines for {MOSFET} Model Approximation},
  journal = 	 {IEEE Transactions on Computer-Aided Design},
  year = 	 1988,
  volume =	 7,
  number =	 5,
  pages =	 {557--566},
  month =	 {May}
}

