@MANUAL{M_Spline,
  TITLE =        {MATLAB Spline toolbox.},
}

@MANUAL{IntroSpline,
  TITLE =        {An Interactive Introduction to Splines},
  address =      {http://www.ibiblio.org/e-notes/Splines/Intro.htm},
  source =       {haha},
}

@INBOOK{GMP_03,
  author =      {George M. Phillips},
  year =        {2003},
  title =       {Interpolation and Approximation by Polynomials},
  publisher =   {Springer},
  chapter =     {7 (Bernstein Polynomials)},
  pages =       {247 - 290}
}

@INPROCEEDINGS{Knots_opt,
  AUTHOR =      {Toni Prahasto and Sanjeev Bedi},
  TITLE =       {Optimization of Knots for the Multi Curve B-Spline Approximation},
  BOOKTITLE =   {Geometric Modeling and Processing 2000. Theory and Applications. Proceedings},
  YEAR =        {2000},
  pages =       {150 - 161},
  month =       {April}
}

@INPROCEEDINGS{Gleb_00,
  AUTHOR =       {Gleb Beliakov},
  TITLE =        {Shape Preserving Approximation using Least Squares Splines},
  BOOKTITLE =    {Approx. Theory & its Appl.},
  YEAR =         {2000},
  pages =        {80 - 98},
}


@INPROCEEDINGS{ISCC_04,
  AUTHOR =      {I. C. DEMETRIOU},
  TITLE =       {Least Squares Convex-Concave Data Smoothing},
  BOOKTITLE =   {Computational Optimization and Applications},
  YEAR =        {2004},
  pages =       {197 - 217},
  volume =      {29}
}

@inproceedings{NURBS_04,
  author    = {Barnab{\'a}s Asz{\'o}di and
               Szabolcs Czuczor and
               L{\'a}szl{\'o} Szirmay-Kalos},
  title     = {NURBS Fairing by Knot Vector Optimization.},
  booktitle = {WSCG},
  year      = {2004},
  pages     = {19 - 26},
}

@INPROCEEDINGS{LSS_00,
  AUTHOR =       {T. Prvan},
  TITLE =        {Least squares splines with variable knots using a smoothing spline basis},
  BOOKTITLE =    {ANZIAM J},
  YEAR =         {2000},
  pages =        {1199 - 1217},
}

@INPROCEEDINGS{Semi_96,
  AUTHOR =       {Lieven Vandenberghe and Stephen Boyd},
  TITLE =        {Semidefinite programming},
  BOOKTITLE =    {SIAM},
  YEAR =         {1996},
  pages =        {49 - 95},
  month =        {March}
}

@Article{Floater_93,
  author = 	 {Michael S. Floater},
  title = 	 {A weak condition for the convexity of tensor-product 
                  {B}\'{e}zier and {B}-spline surfaces},
  journal = 	 {Advances in Comp. Math.},
  year = 	 1994,
  volume =	 2,
  pages =	 {67--80},
}



@InCollection{Floater_99,
  author = 	 {Michael S. Floater},
  title = 	 {Shape Properties of Tensor-Product {Bernstein} Polynomials},
  booktitle = 	 {Shape preserving representations in Computer-Aided
                  Geometric Design},
  pages =	 {149--162},
  publisher =	 {Nova Science Publications},
  year =	 1999,
  address =	 {New York}
}


@Article{Kuijt_Damme_01,
  author = 	 {Kuijt, Frans and van Damme, Ruud},
  title = 	 {A linear appproach to shape preserving spline approximation},
  journal = 	 {Advances in Computational Mathematics},
  year = 	 2001,
  volume =	 14,
  pages =	 {25--48}
}

