@string{iccad =   "IEEE/ACM Proc. Int. Conf. Computer Aided Design"}
@string{ieeetcad =   "IEEE Trans. Comput.-Aided Des. Integr. Circuits Syst."}
@string{date = "Design, Automation and Test in Europe Conference and
                  Exhibition"} 

@BOOK{Boyd_Convex,
  AUTHOR =       {Stephen Boyd and Lieven Vandenberghe},
  TITLE =        {Convex Optimization},
  PUBLISHER =    {Cambridge University Press},
  YEAR =         {2004},
  isbn =         {0 521 83378 7},
  keywords =     {Mathematical optimization, Convex functions}
}

@ARTICLE{Rutenbar_survey,
  AUTHOR =       {Georges G. E. Gielen and Rob A. Rutenbar},
  TITLE =        {Computer-Aided Design of Analog and Mixed-Signal
                  Integrated Circuits}, 
  JOURNAL =      {Proc. of the IEEE},
  YEAR =         {2000},
  volume =       {88},
  number =       {12},
  pages =        {1825-1851},
  month =        {December}
}

@ARTICLE{GP_OpAmp,
  AUTHOR =       {Maria del Mar Hershenson and Stephen P. Boyd and
                  Thomas H. Lee}, 
  TITLE =        {Optimal Design of a {CMOS} Op-Amp via Geometric
                  Programming}, 
  JOURNAL =      ieeetcad,
  YEAR =         {2001},
  volume =       {20},
  number =       {1},
  pages =        {1-21},
  month =        {January}
}


@InProceedings{Affine_sizing,
  author = 	 {Andreas Lemke and Lars Hedrich and Erich Barke},
  title = 	 {Analog circuit sizing based on formal methods using
                  affine arithmetic},
  booktitle =	 iccad,
  pages =	 {486--489},
  year =	 2002,
  month =	 {November}
}


@ARTICLE{Ellipsoidal_Abdel,
  AUTHOR =       {Hany L. Abdel-Malek and Abdel-Karim S. O. Hassan},
  TITLE =        {The ellipsoidal technique for design centering and
                  region approximation}, 
  JOURNAL =      ieeetcad,
  YEAR =         {1991},
  volume =       {10},
  number =       {8},
  pages =        {1006-1014},
  month =        {August}
}

@INBOOK{Combinational_Optimization,
  AUTHOR =       {C. H. Papadimitriou and K. Steiglitz},
  TITLE =        {Combinational Optimization: Analysis and Complexity},
  CHAPTER =      {8},
  PUBLISHER =    {Prentice-Hall},
  YEAR =         {1982},
  address =      {Englewood Cliffs, NJ}
}

@ARTICLE{Director78,
  AUTHOR =       {S. W. Director and G. D. Hachtel and L. M. Vidigal},
  TITLE =        {Computationally Efficient Yield Estimation
                  Procedures Based on Simplicial Approximation},
  JOURNAL =      {IEEE Trans. on Circuits and Systems},
  YEAR =         {1978},
  volume =       {CAS-25},
  pages =        {121-130},
  month =        {March}
}

@ARTICLE{tutorial-opamp,
  AUTHOR =       {Paul R. Gray and Robert G. Meyer},
  TITLE =        {MOS Operational Amplifier Design --- A Tutorial Overview},
  JOURNAL =      {IEEE J. Solid-State Circuits},
  YEAR =         {1982},
  volume =       {SC-17},
  number =       {6},
  pages =        {969-982},
  month =        {December}
}

@BOOK{dfm_yield,
  AUTHOR =       {S. Director and W. Maly and A. Strojwas},
  TITLE =        {VLSI Design for Manufacturing: Yield enhancement},
  PUBLISHER =    {Kluwer},
  YEAR =         {1990},
  address =      {Norwell, MA}
}

@BOOK{Razavi,
  AUTHOR =       {Behzad Razavi},
  TITLE =        {Design of Analog CMOS Integrated Circuits},
  PUBLISHER =    {McGraw-Hill},
  YEAR =         {2001}
}


@Article{WBD80,
  author = 	 {William C. and Black J. R. and David J and others},
  title = 	 {A High Performance Low Power CMOS Channel Filter},
  journal = 	 {JSSC},
  year = 	 1980,
  volume =	 15,
  pages =	 {929--938}
}

@InProceedings{tutorial-GP-DATE05,
  author = 	 {Stephen Boyd and Seung-Jean Kim and S. Mohan},
  title = 	 {Geometric Programming and its Applications to {EDA}
                  Problems}, 
  booktitle =	 date,
  year =	 2005,
  note =	 {(Tutorial)}
}

@TECHREPORT{tutorial-GP,
  AUTHOR =       {Stephen Boyd and Seung-Jean Kim and Lieven Vandenberghe and A. Hassibi},
  TITLE =        {A Tutorial on Geometric Programming},
  INSTITUTION =  {Electrical Engineering Department, Stanford University},
  YEAR =         {2004},
  month =        {September},
  note =         {Available at 
                  \url{http://www.stanford.edu/~boyd/gp_tutorial.html}}
}

@ARTICLE{OPERA,
  AUTHOR =       {Yang Xu and Kan-Lin Hsiung and Xin Li and Ivan
                  Nausieda and Stephen Boyd and Lawrence Pileggi}, 
  TITLE =        {{OPERA}: OPtimization with Ellipsoidal uncertainty
                  for Robust Analog {IC} Design}, 
  JOURNAL =      {Proc. Design Automation Conf.},
  YEAR =         {2005},
  pages =        {632-637},
  month =        {June}
}

@ARTICLE{intro-AA,
  AUTHOR =       {J. Stolfi and L. H. de Figueiredo},
  TITLE =        {An Introduction to Affine Arithmetic},
  JOURNAL =      {Tend. Mat. Apl. Comput.},
  YEAR =         {2003},
  volume =       {4},
  number =       {3},
  pages =        {297-312}
}

@ARTICLE{MOR-Ma,
  AUTHOR =       {James. D. Ma and Rob. A. Rutenbar},
  TITLE =        {Fast Interval-Valued Statistical Modeling of
                  Interconnect and Effective Capacitance}, 
  JOURNAL =      ieeetcad,
  YEAR =         {2006},
  volume =       {25},
  number =       {4},
  pages =        {710-724},
  month =        {April}
}

@MISC{Boyd_slides,
  author =       {S. Boyd},
  title =        {Lecture Notes of Convex Porgramming},
  howpublished = {Available at \url{http://www.stanford.edu/class/ee364}}
}

@InProceedings{Daems01,
  author = 	 {Daems, W. and Gielen, G. and Sansen, W.},
  title = 	 {Simulation-based automatic generation of signomial
                  and posynomial performance models for analog
                  integrated circuit sizing},
  booktitle =	 {iccad},
  pages =	 {70--74},
  year =	 2001,
  month =	 {Nov}
}

@InProceedings{Daems02a,
  author = 	 {Daems, W. and Gielen, G. and Sansen, W.},
  title = 	 {An efficient optimization-based technique to
                  generate posynomial performance models for analog
                  integrated circuits},
  booktitle =	 {Proc. 39th Design Automation Conf.},
  pages =	 {431--436},
  year =	 2002,
  month =	 {June}
}

@InProceedings{Daems02b,
  author = 	 {Daems, W. and Gielen, G. and Sansen, W.},
  title = 	 {A fitting approach to generate symbolic expressions
                  for linear and nonlinear analog circuit performance
                  characteristics},
  booktitle =	 date,
  pages =	 {268--273},
  year =	 2002,
  month =	 {March}
}

@Article{Daems03,
  author = 	 {Daems, W. and Gielen, G. and Sansen, W.},
  title = 	 {Simulation-based generation of posynomial
                  performance models for the sizing of analog
                  integrated circuits}, 
  journal = 	 ieeetcad,
  year = 	 2003,
  volume =	 22,
  number =	 5,
  pages =	 {517--534},
  month =	 {May}
}

@InProceedings{Eeckelaert03,
  author = 	 {Eeckelaert, T. and Daems, W. and Gielen, G. and Sansen, W.},
  title = 	 {A fitting approach to generate symbolic expressions
                  for linear and nonlinear analog circuit performance
                  characteristics},
  booktitle =	 date,
  pages =	 {250--255},
  year =	 2003,
  month =	 {March}
}


@Misc{ggplab,
  title =	 {{GGPLAB}: A Simple Matlab Toolbox for Geometric Programming},
  howpublished = {Available at \url{http://www.stanford.edu/~boyd/gp_tutorial.html}},
  year =	 2006
}

@Misc{cvx_pack,
  title =	 {{CVX}: a modeling system for disciplined convex programming},
  howpublished = {Available at \url{http://www.stanford.edu/~boyd/cvx.html}},
  year =	 2006
}

@Article{BGT81,
  author = 	 {R. G. Bland and D. Goldfarb and M. J. Todd},
  title = 	 {The ellipsoid method: A survey},
  journal = 	 {Operations Research},
  year = 	 1981,
  volume =	 29,
  number =	 6,
  pages =	 {1039--1091}
}

@TechReport{RGP05,
  author = 	 {K.-L. Hsiung and S.-J. Kim and S. Boyd},
  title = 	 {Tractable approximate robust geometric programming},
  institution =  {Stanford Univerisity},
  year = 	 2005,
  note =	 {Available at http://www.stanford.edu/~boyd/rgp.html}
}
