%data structure reference
@ARTICLE{Edward_04,
  AUTHOR =       {Edward M.McCreight},
  TITLE =        {Priority Search Trees},
  JOURNAL =      {SIAM J. Computing},
  YEAR =         {1985},
  volume =       {14},
  number =       {2},
  pages =        {257 - 276},
  month =        {May}
}
@INBOOK{LNX_03,
  title = {Linux OS source code, linux-2.6.13 kernel},
  chapter = {lib/prio\_tree.c, available at http://www.kernel.org},
}
@INBOOK{GG,
  title = {Priority Search Tree, Part 1},
  chapter = {available at http://www.cs.brown.edu/courses/cs252/misc/proj/src/Spr96-97/mjr/doc/09.ps},
}
@INBOOK{CG_01,
  author =      {M. de Berg and M. van Kreveld and M. Overmars and O. Schwardzkopf},
  year =        {1997},
  title =       {Computational Geometry algorithms and applications},
  publisher =   {Springer},
  chapter =     {10.2 Priority Search Trees},
  pages =       {216-221}
}
@INBOOK{CG_03,
  author =      {M. de Berg and M. van Kreveld and M. Overmars and O. Schwardzkopf},
  year =        {1997},
  title =       {Computational Geometry algorithms and applications},
  publisher =   {Springer},
  chapter =     {5.1 1-Dimensional Range Searching \& 5.2 Kd-Trees},
  pages =       {94-103}
}
@INBOOK{CG_02,
  author =      {M. de Berg and M. van Kreveld and M. Overmars and O. Schwardzkopf},
  year =        {1997},
  title =       {Computational Geometry algorithms and applications},
  publisher =   {Springer},
  chapter =     {2.1 Line Segment Intersection},
  pages =       {20 - 28}
}

%application reference
@INPROCEEDINGS{PSM_05,
  AUTHOR =      {Chiang, C. and Kahng, A. and Sinha, S. and Xu, X. and Zelikovsky, A.},
  TITLE =       {Bright-field {AAPSM} conflict detection and correction},
  BOOKTITLE =   {Proceedings of Design, Automation and Test in Europe},
  YEAR =        {2005},
  pages =       {908 - 913},
  volume =      {2}
}

@INPROCEEDINGS{xx_05,
  AUTHOR =      {Haibin Lu and Sartaj Sahni},
  TITLE =       {O($\log n$) dynamic router-tables for prefixes and ranges},
  BOOKTITLE =   {Computers, IEEE Transactions},
  YEAR =        {2004},
  pages =       {1217-1230},
  volume =      {53},
  month =       {Oct}
}

@INPROCEEDINGS{ISCC_05,
  AUTHOR =      {Chiang, C. and Kahng, A. and Sinha, S. and Xu, X. and Zelikovsky, A.},
  TITLE =       {O($\log n$) dynamic router-tables for ranges},
  BOOKTITLE =   {Computers and Communication Proceedings Eighth IEEE International Symposium},
  YEAR =        {2003},
  pages =       {91-96},
  volume =      {1}
}

@INPROCEEDINGS{DAC_05,
  AUTHOR =      {Harrison, A.J},
  TITLE =       {{VLSI} layout compaction using radix priority search trees},
  BOOKTITLE =   {28th Design Automation Conference ACM/IEEE},
  YEAR =        {1991},
  pages =       {732-735},
  month =       {Jun}
}
