%%% random_pd.bib

@String{sissc = {SIAM J. Sci. Stat. Comput.}}
@String{iccad = {Proc. IEEE International Conference Computer--Aided Design}}
@String{dac = {Proc.{} ACM/IEEE Design Automation Conference}}
@String{ieeetcs = {IEEE Transactions on Circuits and Systems -- I:
                  Fundamental Theory and Application}}
@String{ieeetcad = {IEEE Transactions on Computer-Aided Design of
                  Integrated Circuits}}

\hyphenation{dy-namic em-bed-ding in-ter-na-tional con-fer-ence know-ledge}


@Article{spqr-tree-73,
  author = 	 {J. E. Hopcroft and R. E. Tarjan},
  title = 	 {Dividing a graph into triconnected components},
  journal = 	 {SIAM J. Comput.},
  year = 	 1973,
  volume =	 2,
  number =	 3,
  pages =	 {135--158}
}

@InProceedings{spqr-tree-89,
  author = 	 {G. Di Battista and R. Tamassia},
  title = 	 {Incremental planarity testing},
  booktitle =	 {Proc. 30th IEEE Symp. on Foundations of Computer Science},
  pages =	 {436--441},
  year =	 1989
}


@InProceedings{spqr-tree-00,
  author = 	 {C. Gutwenger and P. Mutzel},
  title = 	 {A Linear Time Implementation of {SPQR}-Trees},
  booktitle =	 {GD 2000},
  pages =	 {77--90},
  year =	 2001,
  editor =	 {J. Marks},
  series =	 {LNCS 1984},
  publisher =	 {Springer-Verlag}
}


@Article{vl-code-86,
  author = 	 {J. L. P. De Lameillieure and I. Bruyland},
  title = 	 {Algorithm for Construction of Variable Length Code with 
                  Limited Maximum Word Length},
  journal = 	 {IEEE Transactions on Communications},
  year = 	 1986,
  volume =	 {COM-34},
  number =	 12,
  pages =	 {1252--1253},
  month =	 {December}
}

@Article{vl-code-84,
  author = 	 {H. Murakami and S. Matsumoto and H. Yamamoto},
  title = 	 {Algorithm for Construction of Variable Length Code with 
                  Limited Maximum Word Length},
  journal = 	 {IEEE Transactions on Communications},
  year = 	 1984,
  volume =	 {COM-32},
  number =	 10,
  pages =	 {1157--1179},
  month =	 {October}
}

@Article{vl-code-88,
  author = 	 {Chung H. Lu},
  title = 	 {Comment on ``Algorithm for Construction of Variable Length 
                  Code with Limited Maximum Word Length''},
  journal = 	 {IEEE Transactions on Communications},
  year = 	 1988,
  volume =	 36,
  number =	 3,
  pages =	 {373--375},
  month =	 {March}
}


@TechReport{note-on-remy-00,
  author = 	 {E. M{\"a}kinen and J. Siltaneva},
  title = 	 {A Note on {R}{\'e}my's Algorithm for Generating Random 
                  Binary Trees},
  institution =  {Department of Computer and Information Sciences, 
                  University of Tampere},
  year = 	 2000,
  number =	 {A-2000-2},
  month =	 jan
}


@Book{random-trees-95,
  author =	 {L. Alonso and R. Schott},
  title = 	 {Random Generation of Trees},
  publisher = 	 {Kluwer},
  year = 	 1995
}

@InProceedings{orth-poly-03,
  author = 	 {A. P. Tom{'a}s and A. L. Bajuelos},
  title = 	 {Generating Random Orthogonal Polygons},
  booktitle =	 {CAEPIA-TTIA},
  pages =	 {364--373},
  year =	 2003,
  editor =	 {R. Conejo et al.},
  publisher =	 {Springer--Verlag}
}

@InProceedings{slicing-flrpln-97,
  author = 	 {F. Y. Young and D. F. Wong},
  title = 	 {How Good Are Slicing Floorplans?},
  booktitle =	 {ACM International Symposium on Physical Design},
  pages =	 {???--???},
  year =	 1997
}

@InProceedings{sf-boundary-99,
  author = 	 {F. Y. Young and D. F. Wong},
  title = 	 {Slicing Floorplans with Boundary Constraints},
  booktitle =	 {IEEE Asia South Pacific Design Automation Conference},
  pages =	 {17--20},
  year =	 1999
}

@Article{sf-cc-03,
  author = 	 {W. S. Yuen and F. Y. Young},
  title = 	 {Slicing Floorplan with Clustering Constraint},
  journal = 	 {IEEE Transactions on Computer-Aided Design of 
                  Intergrated Circuits and Systems},
  year = 	 2003,
  volume =	 22,
  number =	 5,
  pages =	 {652--658},
  month =	 {May}
}

@InProceedings{sf-range-99,
  author = 	 {F. Y. Young and D. F. Wong},
  title = 	 {Slicing Floorplans with Range Constraints},
  booktitle =	 {Internation Symposium on Physical Design},
  pages =	 {97--102},
  year =	 1999
}

@inproceedings{ah-hgrp-96
, author =      "T. Auer and M. Held"
, title =       "Heuristics for the Generation of Random Polygons"
, booktitle =   "Proc. 8th Canad. Conf. Comput. Geom."
, year =        1996
, pages =       "38--43"
, update =      "97.03 agarwal, 96.09 held+mitchell"
}

@techreport{ov-grp-91
, author =      "J. O'Rourke and M. Virmani"
, title =       "Generating random polygons"
, number =      11
, institution = "Dept. Comput. Sci., Smith College"
, year =        1991
, keywords =    "polygons, randomness"
}

@inproceedings{zssm-grxmp-94
, author =      "C. Zhu and G. Sundaram and J. Snoeyink and J. Mitchell"
, title =       "Generating Random $x$-Monotone Polygons with Given Vertices"
, booktitle =   "Proc. 6th Canad. Conf. Comput. Geom."
, year =        1994
, pages =       "189--194"
, precedes =    "zssm-grpgv-96"
, update =      "97.03 devillers+smid, 94.09 jones"
}

@article{zssm-grpgv-96
, author =      "C. Zhu and G. Sundaram and J. Snoeyink and J. S. B. Mitchell"
, title =       "Generating Random Polygons with Given Vertices"
, journal =     "Comput. Geom. Theory Appl."
, volume =      6
, year =        1996
, pages =       "277--290"
, succeeds =    "zssm-grxmp-94"
, update =      "97.03 devillers+smid"
}

